<?xml version="1.0" encoding="UTF-8"?><collection xmlns="http://www.loc.gov/MARC21/slim"><record><leader>00477nam--2200181-i-4500</leader><controlfield tag="001">000042665</controlfield><controlfield tag="002">20161230</controlfield><controlfield tag="005">20161230201043</controlfield><controlfield tag="008">060222s1000------------r-----000-0-rum-d</controlfield><datafield ind1=" " ind2=" " tag="040"><subfield code="a">IFIN-HH</subfield></datafield><datafield ind1=" " ind2=" " tag="041"><subfield code="a">rum</subfield></datafield><datafield ind1=" " ind2=" " tag="080"><subfield code="a">53(075.8):621.3</subfield></datafield><datafield ind1="1" ind2=" " tag="100"><subfield code="a">Stanomir, Dumitru</subfield></datafield><datafield ind1="1" ind2="0" tag="245"><subfield code="a">Teoria fizica a sistemelor electromecanice</subfield><subfield code="c">Dumitru stanomir</subfield></datafield><datafield ind1=" " ind2=" " tag="260"><subfield code="a">Bucuresti</subfield><subfield code="b">Editura Academiei Rsr</subfield><subfield code="c">1982</subfield></datafield><datafield ind1=" " ind2=" " tag="300"><subfield code="a">254 P</subfield></datafield><datafield ind1=" " ind2=" " tag="852"><subfield code="a">49480</subfield><subfield code="c">53</subfield></datafield><datafield ind1=" " ind2=" " tag="CAT"><subfield code="a">Sys</subfield><subfield code="c">20150805</subfield><subfield code="h">154924</subfield></datafield></record></collection>